% Encoding: windows-1252

@Article{TomasCerny2017,
  title     = {Contextual Understanding of Microservice Architecture: Current and Future Directions},
  journal   = {APPLIED COMPUTING REVIEW},
  year      = {2017},
  author    = {Tomas Cerny, Michael J. Donahoo e Michal Trnka},
  number    = {4},
  timestamp = {2013.01.14},
}

@Article{Tom2016,
  title     = {The Hidden Dividends of Microservices},
  journal   = {COMMUNICATIONS OF THE ACM},
  year      = {2016},
  author    = {TOM KILLALEA},
  volume    = {59},
  number    = {8},
  timestamp = {2013.01.14},
}


@Article{Raji2015,
  title     = {Scientific Visualization as a Microservice},
  journal   = {JOURNAL OF LATEX CLASS FILES},
  year      = {2015},
  author    = {Mohammad Raji, Alok Hota, Tanner Hobson, and Jian Huang},
  volume    = {14},
  timestamp = {2013.01.14},
}


@Article{Ghirotti2018,
  title     = {Tracking and Controlling Microservice Dependencies},
  journal   = {COMMUNICATIONS OF THE ACM},
  year      = {2018},
  author    = {SILVIA ESPARRACHIARI GHIROTTI, TANYA REILLY, AND ASHLEIGH RENTZ},
  volume    = {61},
  number    = {11},
  timestamp = {2013.01.14},
}

@Article{Sizo2010,
  title     = {Uma proposta de Arquitetura de Software para Construção e Integração de Ambientes Virtuais de Aprendizagem},
  journal   = {RISTI},
  year      = {2010},
  author    = {Amanda Monteiro Sizo, Adriano Del Pino Lino, Eloi Luiz Favero},
  volume    = {1},
  number    = {6},
  timestamp = {2013.01.14},
}

@Article{Chiaradia2018,
  title     = {Uma Proposta de Arquitetura de Microsserviços Aplicada em um Sistema de CRM Social},
  journal   = {COMMUNICATIONS OF THE ACM},
  year      = {2018},
  author    = {Luiz Felipe Correa Chiaradia},
  volume    = {23},
  number    = {53},
  timestamp = {2013.01.14},
}

@Article{Ouverney2017,
  title     = {Automação do Processo de Implantação de Software usando Docker e Microserviços - Um Estudo de Caso},
  journal   = {OPEN JOURNAL SYSTEMS},
  year      = {2017},
  author    = {Kássio Gomes Ouverney, Daves Martins},
  volume    = {3},
  number    = {1},
  timestamp = {2013.01.14},
}


@Article{Zhu2016,
  title     = {DevOps and Its Practices},
  journal   = {IEEE Software},
  year      = {2016},
  author    = {Liming Zhu, Len Bass, George Champlin-Scharff},
  volume    = {33},
  number    = {3},
  timestamp = {2013.01.14},
}

% Luiz Felipe Correa Chiaradia, Douglas Dyllon Jeronimo Macedo, Moisés Lima Dutra

@Article{Souza2009,
  title     = {VisuAlg - Ferramenta de Apoio ao Ensino de Programação},
  journal   = {TECCEN},
  year      = {2009},
  author    = {Cláudio Morgado de Souza},
  volume    = {2},
  number    = {2},
  timestamp = {2013.01.14},
}


@Article{Batista2018,
  title     = {Arquitetura de Microserviços: Uma Solução Leve para Grandes Sistemas no Futuro},
  journal   = {Anais do Encontro Nacional de Pós-Graduação - VII},
  year      = {2018},
  author    = {Felipe de Andrade Batista},
  volume    = {2},
  number    = {2},
  timestamp = {2013.01.14},
}


% Pedro Felipe Marques Moreira , Delano Medeiros Beder

@Article{Moreira2015,
  title     = {Desenvolvimento de Aplicações e Micro Serviços: Um estudo de caso},
  journal   = {Tecnologias, Infraestrutura e Software},
  year      = {2015},
  author    = {Pedro Felipe Marques Moreira , Delano Medeiros Beder},
  volume    = {4},
  number    = {1},
  timestamp = {2013.01.14},
}

@Article{Evangelista2016,
  title     = {Modelo de avaliação da capacidade das organizações da administração pública federal para a adoção de software as a service (SaaS) público},
  journal   = {Revista do Serviço Público},
  year      = {2015},
  author    = {Evangelista, Wellington Galdino, Souza Neto, João},
  volume    = {67},
  number    = {2},
  timestamp = {2013.01.14},
}


@Article{Bernardo2008,
  title     = {A Importância dos Testes Automatizados},
  journal   = {Engenharia de Software Magazine},
  year      = {2008},
  author    = {Paulo Cheque Bernardo e Fabio Kon},
  volume    = {1},
  number    = {3},
  timestamp = {2013.01.14},
}

@article{salvador2015processo,
  title={Processo de homologação: um estudo de caso},
  author={Salvador, Moacir Carlos Tonini},
  journal={Engenharia de Projetos de Software-Florian{\'o}polis},
  year={2015}
}

@article{SueBennet2011,
  title  ={Implementing Web 2.0 technologies in higher education: A collective case study},
  author  ={Sue Bennett, Andrea Bishop, Barney Dalgarno, Jenny Waycott, Gregor Kennedy},
  journal ={ELSEVIER},
  volume  = {1},
  year={2011}
}

@article{Schmidt2018,
  title  ={Multi-Objective Reconstruction of Software Architecture},
  author  ={Frederick Schmidt and Stephen MacDonell, Andy M. Connor},
  journal ={International Journal of Software Engineering and Knowledge Engineering},
  volume  = {28},
  number = {6},
  year={2018}
}

@article{Pahl2016,
  title  = {Microservices: A Systematic Mapping Study},
  author  = {Pahl, C. and Jamshidi, P.},
  journal = {SCITEPRESS – Science and Technology Publications},
  volume  = {1},
  year={2016}
}

@Book{Tanenbaum1944,
  title     = {Sistemas Operacionais: Projetjos e Implementação},
  publisher = {Bookman},
  year      = {1944},
  author    = {Andrew S. Tanenbaum, Albert S. Woodhull},
  owner     = {Rodolfo Gomes Peixoto},
  timestamp = {18.03.2018},
}

@Book{Sousa2010,
  title     = {Computação em núvem conceitos, tecnologias e aplicações},
  publisher = {ERCEMAPI},
  year      = {2010},
  author    = {Flávio R. C. Sousa, Leonardo O. Moreira e Javam C. Machado},
  owner     = {Rodolfo Gomes Peixoto},
  timestamp = {18.03.2018},
}

@Book{PRESSMAN2016,
  title     = {Engenharia de Software - 8ª Edição},
  publisher = {PEARSON},
  year      = {2016},
  author    = {Roger Pressman, Bruce Maxim},
  owner     = {Rodolfo Gomes Peixoto},
  timestamp = {18.03.2018},
}

@Book{Governor2009,
  title     = {Web 2.0 Architectures},
  publisher = {O'REILLY},
  year      = {2009},
  author    = {James Governor, Dion Hinchcliffe, and Duane Nickull},
  owner     = {Rodolfo Gomes Peixoto},
  timestamp = {18.03.2018},
}

@Book{Ludin2017,
  title     = {Learning HTTP/2},
  publisher = {O'REILLY},
  year      = {2017},
  author    = {Stephen Ludin & Javier Garza},
  owner     = {Rodolfo Gomes Peixoto},
  timestamp = {18.03.2018},
}

@Book{Barker2017,
  title     = {Full Stack Web Performance},
  publisher = {O'REILLY},
  year      = {2017},
  author    = {Tom Barker},
  owner     = {Rodolfo Gomes Peixoto},
  timestamp = {18.03.2018},
  volume    = {1},
}

@Book{Yahiaoui2017,
  title     = { Firebase Cookbook },
  publisher = {O'REILLY},
  year      = {2017},
  author    = {Houssem Yahiaoui},
  owner     = {Rodolfo Gomes Peixoto},
  timestamp = {18.03.2018},
  volume    = {1},
}


@Book{Beer2018,
  title     = { Introducing GitHub },
  publisher = {O'REILLY},
  year      = {2018},  
  edition   = {2},
  author    = { Brent Beer },
  owner     = {Rodolfo Gomes Peixoto},
  timestamp = {18.03.2018},
  volume    = {1},
}

@Book{Baarsen2014,
  title     = { GitLab Cookbook },
  publisher = {Packt Publishing},
  year      = {2018},
  author    = { Jeroen van Baarsen },
  owner     = {Rodolfo Gomes Peixoto},
  timestamp = {18.03.2018},
  volume    = {1},
}

@Book{Herron2018,
  title     = { Node.js Complete Reference Guide },
  publisher = {Packt Publishing},
  year      = {2018},
  author    = { David Herron; Diogo Resende; Valentin Bojinov },
  owner     = {Rodolfo Gomes Peixoto},
  timestamp = {18.03.2018},
  volume    = {1},
}

@book{Zammetti2018,
author    = {Frank Zammetti},
title     = {Practical React Native: Build Two Full Projects and One Full Game using React Native},
publisher = {Apress},
year      = {2018},
volume    = {1},
% series    = {serie},
% address   = {Endereço},
% edition   = {edição},
month     = {Novembro},
% note      = {Anotação},
isbn      = {9781484239391}
}


@book{Harber2019,
author    = {Clive Harber, Simon Holmes},
title     = {Getting MEAN with Mongo, Express, Angular, and Node},
publisher = {Manning Publications},
year      = {2019},
volume    = {1},
% series    = {serie},
% address   = {Endereço},
edition   = {2},
month     = {Maio},
% note      = {Anotação},
isbn      = {9781617294754}
}


@book{Giamas2019,
author    = {Alex Giamas},
title     = {Mastering MongoDB 4.x},
publisher = {Packt Publishing},
year      = {2019},
volume    = {1},
% series    = {serie},
% address   = {Endereço},
edition   = {2},
month     = {Março},
% note      = {Anotação},
isbn      = {9781789617870}
}

@book{Hanjura2014,
author    = {Anubhav Hanjura},
title     = {Heroku Cloud Application Development},
publisher = {Packt Publishing},
year      = {2014},
volume    = {1},
% series    = {serie},
% address   = {Endereço},
edition   = {1},
month     = {Abril},
% note      = {Anotação},
isbn      = {9781783550975}
}

@book{ford2020,
author    = { Neal Ford, Mark Richards },
title     = {Fundamentals of Software Architecture},
publisher = { O'Reilly Media, Inc. },
year      = {2020},
volume    = {1},
% series    = {serie},
% address   = {Endereço},
edition   = {1},
month     = {February},
% note      = {Anotação},
isbn      = {9781492043454}
}

@Book{Florez2016,
  title     = { Evolve the Monolith to Microservices with Java and Node },
  publisher = { IBM Redbooks },
  year      = {2016},
  author    = {  Luis Florez; Eduardo Rosa; Sandro De Santis; Duy V Nguyen },
  owner     = {Rodolfo Gomes Peixoto},
  timestamp = {18.03.2018},
  volume    = {1},
}

@Book{Volkov2017,
  title     = { Learning PostgreSQL 10 },
  publisher = {Packt Publishing},
  year      = {2018},
  author    = { Andrey Volkov; Salahaldin Juba },
  edition   = {2},
  owner     = {Rodolfo Gomes Peixoto},
  timestamp = {18.03.2018},
  volume    = {1},
}

@Book{Henderson2006,
  title     = {Building Scalable Web Sites},
  publisher = {O'REILLY},
  year      = {2006},
  author    = {Cal Henderson},
  owner     = {Rodolfo Gomes Peixoto},
  timestamp = {18.03.2018},
  volume    = {1},
}

@Book{Richards2015,
  title     = {Software Architecture Patterns
Understanding Common Architecture Patterns and When to Use Them},
  publisher = {O'REILLY},
  year      = {2015},
  author    = {Mark Richards},
  owner     = {Rodolfo Gomes Peixoto},
  timestamp = {18.03.2018},
  volume    = {1},
}

@Manual{NBR60232000,
  title        = {{NBR} 6023},
  organization = {Associa{\c c}\~ao Brasileira de Normas Tecnicas},
  address      = {Rio de Janeiro},
  year         = {2000},
  org-short    = {ABNT},
  owner        = {Prof. Ausberto S. Castro Vera - UENF},
  pages        = {22},
  subtitle     = {Informa{\c c}\~ao e documenta{\c c}\~ao --- Refer\^encias --- Elabora{\c c}\~ao},
}



@Comment{jabref-meta: databaseType:bibtex;}
